@book{lima2009politica,
	author = {Lima, Paulo Gomes},
	publisher = {Universidade Federal da Grande Dourados},
	title = {Pol{\'\i}tica cient{\'\i}fica e tecnol{\'o}gica: pa{\'\i}ses desenvolvidos, Am{\'e}rica Latina e Brasil},
	year = {2009}
}

@article{andrews2017predicts,
	author = {Brant, Kenneth and Sau, Moutusi and Mullen, Anthony and Revang, Magnus and Dekate, Chirang and Plummer, Daryl and Andrews, Whit},
	journal = {Gartner: Stanford, CT, USA},
	title = {Predicts 2018: Artificial Intelligence},
	year = {2017}
}

@article{gomes2010inteligencia,
	author = {GOMES, D dos S},
	journal = {Olhar Cient{\'\i}fico. v1},
	number = {2},
	pages = {234--246},
	title = {Intelig{\^e}ncia Artificial: conceitos e aplica{\c c}{\~o}es},
	volume = {1},
	year = {2010}
}

@electronic{felipejunqueira,
	author = {Junqueira, Felipe},
	howpublished = {Dispon{\'\i}vel em: \url{https://tinyurl.com/3rhyxv7f}},
	note = {Acessado em: 25 set. 2021},
	title = {Apple tem 1 bilh{\~a}o de iPhones ativos no mundo e pode bater recorde em 2021},
	year = {2020}
}

@book{schwab2019quarta,
	author = {Schwab, Klaus},
	publisher = {Edipro},
	title = {A quarta revolução industrial},
	year = {2019}
}

@article{de2019politica,
	author = {de de la y las Comunicaciones, Ministerio Tecnolog{\'\i}as Informaci{\'o}n},
	journal = {Documento CONPES},
	title = {Pol{\'\i}tica Nacional para la Transformaci{\'o}n Digital e Inteligencia Artificial},
	volume = {3975},
	year = {2019}
}

@article{compes3063,
	author = {de de la y las Comunicaciones, Ministerio Tecnolog{\'\i}as Informaci{\'o}n},
	journal = {Documento CONPES},
	title = {Programa de donaci{\'o}n masiva de computadores a colegios p{\'u}blicos: Computadores para Educar},
	volume = {3063},
	year = {1999}
}

@electronic{informationsociety,
	author = {Comunicaciones, Ministerio Tecnolog{\'\i}as Informaci{\`o}n y las},
	publisher = {Ministerio de Tecnolog{\'\i}as de la Informaci{\`o}n y las Comunicaciones},
	title = {Sociedad de la Informaci{\`o}n},
	howpublished = {Dispon{\'i}vel em: \url{https://mintic.gov.co/portal/inicio/5305:Sociedad-de-la-Informacion}},
	note = {Acessado em: 25 set. 2021},
	year = {2021}
}

@article{pena2010sociedad,
	author = {{Pe{\~n}a Valenzuela}, Daniel},
	journal = {Comentarios a la ley de tecnolog{\'\i}as de la informaci{\'o}n y las comunicaciones-TIC (Ley 1341 de 2009)},
	publisher = {Bogot{\'a}: Universidad Externado de Colombia, 2010.},
	title = {La sociedad de la informaci{\'o}n y la Ley de Tecnolog{\'\i}as de la Informaci{\'o}n y las Comunicaciones},
	year = {2010}
}

@techreport{american2021,
	author = {Hourihan, Matt},
	publisher = {American Association for the Advancement of Science},
	title = {House FY 2022 R\&D Appropriations},
    howpublished = {Dispon{\'\i}vel em: \url{https://tinyurl.com/69smakc}},
    note = {Acessado em: 25 set. 2021},
    institution = {American Association for the Advancement of Science},
	year = {2021}
}

@article{aragon2016notas,
	author = {Arag{\'o}n, Jorge},
	journal = {Una nueva revoluci{\'o}n industrial? Econom{\'\i}a digital y trabajo},
	title = {Notas sobre?` Una nueva revoluci{\'o}n industrial? Econom{\'\i}a digital y trabajo},
	year = {2016}
}

@book{leme2019maquina,
	author = {Leme, Ana Carolina Reis Paes},
	publisher = {LTr Editora},
	title = {Da m{\'a}quina {\`a} nuvem: caminhos para o acesso {\`a} justi{\c c}a pela via de direitos dos motoristas da Uber},
	volume = {1},
	year = {2019}
}

@book{dupas2001economia,
	author = {Dupas, Gilberto},
	publisher = {Paz e Terra},
	title = {Economia global e exclus{\~a}o social: pobreza, emprego, estado e o futuro do capitalismo},
	year = {2001}
}

@book{freeman1975teoria,
	author = {Freeman, Christopher},
	title = {La teor{\'\i}a econ{\'o}mica de la innovaci{\'o}n industrial},
	publisher = {Alianza Editorial},
	year = {1975}
}

@article{arnold2002proposta,
	author = {Arnold, Gustavo V and Henriques, Pedro Rangel and Fonseca, Jaime C},
	title = {Uma proposta de linguagem de programa{\c c}{\~a}o para rob{\'o}tica},
	year = {2002}
}

@article{faoro1992questao,
	author = {Faoro, Raymundo},
	journal = {Estudos avan{\c c}ados},
	pages = {7--22},
	publisher = {SciELO Brasil},
	title = {A quest{\~a}o nacional: a moderniza{\c c}{\~a}o},
	volume = {6},
	year = {1992}
}

@article{dixit2021ibm,
	author = {Dixit, Abhinandan Ku},
	title = {How IBM is changing the world with Cloud Computing},
	year = {2021}
}

@incollection{neugebauer2021digitalization,
	author = {Neugebauer, Linda Mareen and Zanko, Irene},
	booktitle = {Lead Community Fundraising},
	pages = {1--8},
	publisher = {Springer},
	title = {How Digitalization Is Changing the World?},
	year = {2021}
}

@inproceedings{rocha2003proposta,
	author = {Rocha, Ricardo L and Neto, Jo{\~a}o Jos{\'e}},
	booktitle = {IX Congreso Argentino de Ciencias de la Computaci{\'o}n},
	title = {Uma proposta de linguagem de programa{\c c}{\~a}o funcional com caracter{\'\i}sticas adaptativas},
	year = {2003}
}

@phdthesis{eler2006metodo,
	author = {Eler, Marcelo Medeiros and others},
	school = {disserta{\c c}{\~a}o de mestrado, Universidade de S{\~a}o Paulo, S{\~a}o Carlos},
	title = {Um m{\'e}todo para o desenvolvimento de software baseado em componentes e aspectos},
	year = {2006}
}

@article{nardon1996estudo,
	author = {Nardon, Fabiane Bizinella},
	title = {Estudo e constru{\c c}{\~a}o de um sistema gerenciador de banco de dados dedutivo},
	year = {1996}
}

@article{hosang2011politica,
	author = {Hosang, Alexandre},
	journal = {Escola Superior De Guerra, Rio De Janeiro},
	title = {Pol{\'\i}tica Nacional de Seguran{\c c}a Cibern{\'e}tica: uma necessidade para o Brasil},
	year = {2011}
}

@article{dapanorama,
	author = {da Silva, Clebson F and da Silva, Rodrigo C Lira},
	journal = {SI NFORME},
	pages = {32},
	title = {Um Panorama dos Sistemas Operacionais Livres para Ambiente Educacionais com Suporte a L{\'\i}ngua Portuguesa}
}

@electronic{inep2019,
	howpublished = {Dispon{\'\i}vel em: \url{http://ideb.inep.gov.br/resultado/}},
	note = {Acessado em: 25 set. 2021},
}

@electronic{qedu2019,
	howpublished = {Dispon{\'\i}vel em: \url{https://www.qedu.org.br/cidade/3692-sobral/ideb\?dependence=5\&grade=1\&edition=2019}},
	note = {Acessado em: 25 set. 2021},
}

@article{cruz2020alcanccando,
	author = {Cruz, Louisee and Loureiro, Andr{\'e}},
	journal = {World Bank Group (Education). DAvieS, P., eyerS, J., gALLAgher, e., Phi},
	title = {Alcan{\c c}ando um N{\'\i}vel de Educa{\c c}{\~a}o de Excel{\^e}ncia em Condi{\c c}{\~o}es Socioecon{\^o}micas Adversas: O Caso de Sobral},
	year = {2020}
}

@article{cerf1993internet,
	author = {Cerf, Vinton and Aboba, Bernard},
	journal = {The On-line User{\rq}s Encyclopedia: Bulletin Boards and Beyond. Reading, Massachusetts: Addison-Wesley},
	title = {How the Internet came to be},
	year = {1993}
}

@electronic{jardim2018,
	author = {Jardim, Cl{\'a}udia},
	journal = {De Bangkok para a BBC News Brasil},
	title = {O modelo linha dura de educa{\c c}{\~a}o que p{\^o}s um pequeno pa{\'\i}s asi{\'a}tico no topo de ranking mundial},
	howpublished = {Dispon{\'\i}vel em: \url{https://www.bbc.com/portuguese/internacional-45581412}},
	note = {Acessado em: 25 set. 2021},
	urldate = {05.08.2020},
	year = {2018}
}

@electronic{silveira2020,
	author = {Silveira, Evanildo da},
	journal = {De S{\~a}o Paulo para a BBC News Brasil},
	title = {Fuga de c{\'e}rebros: os doutores que preferiram deixar o Brasil para continuar pesquisas em outro pa{\'\i}s},
	howpublished = {Dispon{\'\i}vel em: \url{https://www.bbc.com/portuguese/brasil-51110626}},
	note = {Acessado em: 25 set. 2021},
	urldate = {05.08.2020},
	year = {2020}
}

@article{nassi2021,
	author = {Nassi-Cal{\`o}, Lilian},
	journal = {Departamento do Brasil -- Setor de Redu{\c c}{\~a}o da Pobreza e Manejo Econ{\^o}mico},
	title = {Pa{\'\i}ses em desenvolvimento liderados pela China amea{\c c}am dom{\'\i}nio norte-americano na ci{\^e}ncia},
	howpublished = {Dispon{\'\i}vel em: \url{https://documents1.worldbank.org/curated/pt/207111468235465472/pdf/204750PORTUGUESE0Vol01010Port.pdf}},
	note = {Acessado em: 25 set. 2021},
	urldate = {05.08.2020},
	year = {2020}
}

@article{mundial,
	author = {Mundial, Banco},
	journal = {Departamento do Brasil -- Setor de Redu{\c c}{\~a}o da Pobreza e Manejo Econ{\^o}mico},
	title = {O Combate {\`a} Pobreza no Brasil: Relat{\'o}rio sobre Pobreza, com {\^e}nfase nas pol{\'\i}ticas voltadas para a Redu{\c c}{\~a}o da Pobreza},
	howpublished = {\url {https://documents1.worldbank.org/curated/pt/207111468235465472/pdf/204750PORTUGUESE0Vol01010Port.pdf}},
	note = {Acessado em: 25 set. 2021},
	urldate = {05.08.2020},
	year = {2020}
}

@misc{mundial2008combate,
	author = {MUNDIAL, BANCO},
	title = {O combate {\`a} pobreza no Brasil: relat{\'o}rio sobre pobreza, com {\^e}nfase nas pol{\'\i}ticas voltadas para a redu{\c c}{\~a}o da pobreza urbana, 2001b. 1},
	year = {2008}
}

@article{mota2020,
	author = {Mota, Camilla Veras},
	journal = {BBC News Brasil em S{\~a}o Paulo},
	title = {Decis{\~a}o sobre 5G no Brasil deve considerar risco de espionagem n{\~a}o apenas da China, diz especialista},
	howpublished = {\url {https://www.bbc.com/portuguese/brasil-54713255}},
	note = {Acessado em: 25 set. 2021},
	urldate = {05.08.2020},
	year = {2020}
}

@article{serra2013,
	author = {Serra, Raoni S.},
	journal = {Revista Conjuntura Econ{\^o}mica},
	page = {43},
	title = {Rela{\c c}{\~o}es Comerciais entre a Uni{\~a}o Europ{\'e}ia e os Pa{\'\i}ses da Am{\'e}rica do Sul},
	howpublished = {\url {https://pantheon.ufrj.br/bitstream/11422/641/1/Monografia%20-%20RSS.pdf}},
	note = {Acessado em: 25 set. 2021},
	urldate = {05.08.2021},
	year = {2013}
}

@electronic{calicchio,
	author = {Calicchio, Vera},
	journal = {Revista Conjuntura Econ{\^o}mica},
	title = {Plano Salte},
	howpublished = {\url {http://www.fgv.br/cpdoc/acervo/dicionarios/verbete-tematico/plano-salte}},
	note = {Acessado em: 25 set. 2021},
	urldate = {04.08.2021},
	year = {2021}
}

@article{bueno2016gastronomia,
	author = {Bueno, Maria L{\'u}cia},
	journal = {Caderno CrH},
	pages = {443--462},
	publisher = {SciELO Brasil},
	title = {DA GASTRONOMIA FRANCESA {\`A} GASTRONOMIA GLOBAL: hibridismos e identidades inventadas1},
	volume = {29},
	year = {2016}
}

@article{valencia2009reestruturaccao,
	author = {Valencia, Adri{\'a}n Sotelo},
	journal = {Uberl{\^a}ndia: Edufu},
	pages = {114},
	title = {A reestrutura{\c c}{\~a}o do mundo do trabalho: superexplora{\c c}{\~a}o e novos paradigmas da organiza{\c c}{\~a}o do trabalho},
	year = {2009}
}

@book{traspadini2005ruy,
	author = {Traspadini, Roberta},
	pages = {144},
	publisher = {Express{\~a}o Popular},
	title = {Ruy Mauro Marini: vida e obra},
	year = {2005}
}

@book{marini2005140,
	author = {Traspadini, Roberta},
	pages = {140},
	publisher = {Express{\~a}o Popular},
	title = {Ruy Mauro Marini: vida e obra},
	year = {2005}
}

@book{fernandes1975revoluccao,
	author = {Fernandes, Florestan},
	publisher = {Ensaio de interpreta{\c c}{\~a}o sociol{\'o}gica},
	pages = {239--259},
	title = {A revolu{\c c}{\~a}o burguesa no Brasil},
	volume = {3},
	year = {1975}
}

@book{fernandes1973capitalismo,
	author = {Fernandes, Florestan},
	publisher = {Zahar Editores Rio de Janeiro},
	title = {Capitalismo dependente e classes sociais na Am{\'e}rica Latina},
	year = {1973}
}

@book{bambirra2012,
	author = {Bambirra, V{\^a}nia},
	title = {O capitalismo dependente latino--americano},
	publisher = {Insular},
	year = {2012},
	pages = {63--102},
}

@article{vieira2005conceito,
	author = {Pinto, {\'A}lvaro Vieira},
	journal = {Rio de Janeiro: Contraponto},
	pages = {794},
	title = {O conceito de tecnologia},
	volume = {2},
	year = {2005}
}

@article{bresser2005iseb,
	author = {Bresser-Pereira, Luiz Carlos},
	journal = {Toledo, Caio Navarro de, org.(2005) Intelectuais e Pol{\'\i}tica no Brasil: A Experi{\^e}ncia do ISEB. Rio de Janeiro: Editora Revan},
	pages = {201--232},
	title = {Do ISEB e da CEPAL {\`a} teoria da depend{\^e}ncia},
	year = {2005}
}

@article{ribeiro1982universidade,
	author = {Ribeiro, Darcy},
	journal = {Em Aberto},
	number = {10},
	pages = {07--23},
	title = {A universidade necess{\'a}ria},
	volume = {1},
	year = {1982}
}


% SOBRENOME, Nome. Título: subtítulo (se houver). Edição (se houver). 
% Local de publicação: Editora, ano de publicação da obra.
% KRENAK, Ailton. Ideias para adiar o fim do mundo. São Paulo: Companhia das Letras, 2019.
@book{quijano2005colonialidade,
  title={A colonialidade do saber: eurocentrismo e ci{\^e}ncias sociais: perspectivas latino-americanas},
  author={Lander, Edgardo and others},
  year={2005},
  publisher={CLACSO, Consejo Latinoamericano de Ciencias Sociales}
}
